@article{fama1997,
  title={Industry costs of equity},
  author={Fama, Eugene F and French, Kenneth R},
  journal={Journal of financial economics},
  volume={43},
  number={2},
  pages={153--193},
  year={1997},
  publisher={Elsevier}
}


@article{grinold2000,
  title={Active portfolio management},
  author={Grinold, Richard C and Kahn, Ronald N},
  year={2000},
  publisher={McGraw Hill New York, NY}
}


  @Manual{Texevier,
    title = {{Texevier}: {P}ackage to create Elsevier templates for Rmarkdown},
    author = {N.F. Katzke},
    organization = {Bureau for Economic Research},
    address = {Stellenbosch, South Africa},
    note = {version 0.1.2},
    year = {2017},
  }

@article{boudt2013robust,
  title={Robust forecasting of dynamic conditional correlation GARCH models},
  author={Boudt, Kris and Danielsson, Jon and Laurent, S{\'e}bastien},
  journal={International Journal of Forecasting},
  volume={29},
  number={2},
  pages={244--257},
  year={2013},
  publisher={Elsevier}
}

@article{shiferaw2019time,
  title={Time-varying correlation between agricultural commodity and energy price dynamics with Bayesian multivariate DCC-GARCH models},
  author={Shiferaw, Yegnanew A},
  journal={Physica A: Statistical Mechanics and Its Applications},
  volume={526},
  pages={120807},
  year={2019},
  publisher={Elsevier}
}

@article{wang2005testing,
  title={Testing and modelling autoregressive conditional heteroskedasticity of streamflow processes},
  author={Wang, W and Van Gelder, PHAJ M and Vrijling, JK and Ma, J},
  journal={Nonlinear processes in Geophysics},
  volume={12},
  number={1},
  pages={55--66},
  year={2005},
  publisher={Copernicus Publications G{\"o}ttingen, Germany}
}

